@misc{nlm2025,
    author = {{National Library of Medicine}},
    title = {Non-Small Cell Lung Cancer Treatment (PDQ)--Health Professional Version},
    year = {2025},
    url = {https://www.cancer.gov/types/lung/hp/non-small-cell-lung-treatment-pdq},
    note = {Accessed: 2025-05-12}
}

@article{travis2015,
    author = {{Travis, W. D. and Brambilla, E. and Nicholson, A. G. and et al.}},
    title = {The 2015 World Health Organization Classification of Lung Tumors: Impact of Genetic, Clinical and Radiologic Advances Since the 2004 Classification},
    journal = {J Thorac Oncol},
    year = {2015},
    url = {https://pubmed.ncbi.nlm.nih.gov/26291008/},
    volume = {10},
    number = {9},
    pages = {1243--1260},
    note = {PUBMED Abstract}
}

@article{SHATNAWI2025100188,
  author = {Mohammad Q. Shatnawi and Qusai Abuein and Romesaa Al-Quraan},
  title = {Deep learning-based approach to diagnose lung cancer using CT-scan images},
  journal = {Intelligence-Based Medicine},
  volume = {11},
  pages = {100188},
  year = {2025},
  issn = {2666-5212},
  doi = {10.1016/j.ibmed.2024.100188},
  url = {https://www.sciencedirect.com/science/article/pii/S2666521224000553}
}

@misc{who2024,
  author = {{World Health Organization}},
  title = {Lung Cancer - Key Facts},
  year = {2024},
  url = {https://www.who.int/news-room/fact-sheets/detail/lung-cancer},
  note = {Accessed: 2025-05-12}
}

@misc{ourworldindata,
    author = {{Our World in Data}},
    title = {Lung cancer death rates},
    year = {2024},
    url = {https://ourworldindata.org/grapher/lung-cancer-deaths-per-100000-by-sex-1950-2002},
    note = {Accessed: 2025-05-12}
}