@misc { subhajeet_das_2025,
	title={IQ-OTH/NCCD Lung Cancer Dataset (Augmented)},
	url={https://www.kaggle.com/ds/6582139},
	DOI={10.34740/KAGGLE/DS/6582139},
	publisher={Kaggle},
	author={Subhajeet Das},
	year={2025}
}